@misc{test,
	author = {Autor},
	title = {Titel},
	year = {Jahr},
}